@ARTICLE{XU2012,
  AUTHOR       = "L. Xu and J. Jia",
  TITLE        = "{D}epth-{A}ware {M}otion {D}eblurring",
  JOURNAL      = "IEEE",
  YEAR         = "2012"
}
@ARTICLE{XU2010,
  AUTHOR       = "L. Xu and J. Jia",
  TITLE        = "{T}wo-phase {K}ernel {E}stimation for {R}obust {M}otion {D}eblurring",
  JOURNAL      = "ECCV",
  YEAR         = "2010"
}
@ARTICLE{CHO2009,
  AUTHOR       = "S. Cho and S. Lee",
  TITLE        = "{F}ast {M}otion {D}eblurring",
  JOURNAL      = "ACM Trans. Graph",
  YEAR         = "2009"
}
@ARTICLE{Hi2007,
  AUTHOR       = "H. Hirschm√ºller",
  TITLE        = "{S}tereo {P}rocessing by {S}emi-{G}lobal {M}atching and {M}utual {I}nformation",
  JOURNAL      = "IEEE",
  YEAR         = "2007"
}
